@article{dujmovic.joret.ea:planar,
  author    = {Vida Dujmović and
               Gwena{\"{e}}l Joret and
               Piotr Micek and
               Pat Morin and
               Torsten Ueckerdt and
               David R. Wood},
  title     = {Planar Graphs have Bounded Queue-Number},
  journal   = {CoRR},
  volume    = {abs/1904.04791},
  year      = {2019},
  url       = {http://arxiv.org/abs/1904.04791},
  archivePrefix = {arXiv},
  eprint    = {1904.04791},
  timestamp = {Thu, 25 Apr 2019 13:55:01 +0200},
  biburl    = {https://dblp.org/rec/bib/journals/corr/abs-1904-04791},
  bibsource = {dblp computer science bibliography, https://dblp.org}
}

@article{dujmovic.esperet.ea:planar,
  author    = {Vida Dujmović and
               Louis Esperet and
               Gwena{\"{e}}l Joret and
               Bartosz Walczak and
               David R. Wood},
  title     = {Planar graphs have bounded nonrepetitive chromatic number},
  journal   = {CoRR},
  volume    = {abs/1904.05269},
  year      = {2019},
  url       = {http://arxiv.org/abs/1904.05269},
  archivePrefix = {arXiv},
  eprint    = {1904.05269},
  timestamp = {Fri, 26 Apr 2019 13:18:53 +0200},
  biburl    = {https://dblp.org/rec/bib/journals/corr/abs-1904-05269},
  bibsource = {dblp computer science bibliography, https://dblp.org}
}

@article {kobourov.liotta.ea:annotated,
  AUTHOR = {Kobourov, Stephen G. and Liotta, Giuseppe and
                  Montecchiani, Fabrizio},
  TITLE = {An annotated bibliography on 1-planarity},
  JOURNAL = {Comput. Sci. Rev.},
  VOLUME = 25,
  YEAR = 2017,
  PAGES = {49--67},
  MRNUMBER = 3697129,
  DOI = {10.1016/j.cosrev.2017.06.002},
}

@article{dujmovic.eppstein.ea:structure,
  author    = {Vida Dujmović and
               David Eppstein and
               David R. Wood},
  title     = {Structure of Graphs with Locally Restricted Crossings},
  journal   = {{SIAM} J. Discrete Math.},
  volume    = {31},
  number    = {2},
  pages     = {805--824},
  year      = {2017},
  url       = {https://doi.org/10.1137/16M1062879},
  doi       = {10.1137/16M1062879},
  timestamp = {Fri, 02 Nov 2018 09:31:10 +0100},
  biburl    = {https://dblp.org/rec/bib/journals/siamdm/DujmovicEW17},
  bibsource = {dblp computer science bibliography, https://dblp.org}
}

@book{mohar.thomassen:graphs,
  author = {Bojan Mohar and Carsten Thomassen},
  title = {Graphs on surfaces},
  publisher = {Johns Hopkins University Press},
  year = {2001}
}

@article{dujmovic.morin.ea:layered,
  author    = {Vida Dujmovic and
               Pat Morin and
               David R. Wood},
  title     = {Layered separators in minor-closed graph classes with applications},
  journal   = {J. Comb. Theory, Ser. {B}},
  volume    = {127},
  pages     = {111--147},
  year      = {2017},
  url       = {https://doi.org/10.1016/j.jctb.2017.05.006},
  doi       = {10.1016/j.jctb.2017.05.006},
  timestamp = {Fri, 30 Nov 2018 13:29:22 +0100},
  biburl    = {https://dblp.org/rec/bib/journals/jct/DujmovicMW17},
  bibsource = {dblp computer science bibliography, https://dblp.org}
}

@article{pilipczuk.siebertz:polynomial-arxiv,
  author    = {Michal Pilipczuk and
               Sebastian Siebertz},
  title     = {Polynomial bounds for centered colorings on proper minor-closed graph
               classes},
  journal   = {CoRR},
  volume    = {abs/1807.03683},
  year      = {2018},
  url       = {http://arxiv.org/abs/1807.03683},
  archivePrefix = {arXiv},
  eprint    = {1807.03683},
  timestamp = {Mon, 13 Aug 2018 16:47:53 +0200},
  biburl    = {https://dblp.org/rec/bib/journals/corr/abs-1807-03683},
  bibsource = {dblp computer science bibliography, https://dblp.org}
}

@inproceedings{pilipczuk.siebertz:polynomial-soda,
  author    = {Michal Pilipczuk and
               Sebastian Siebertz},
  title     = {Polynomial bounds for centered colorings on proper minor-closed graph
               classes},
  booktitle = {Proceedings of the Thirtieth Annual {ACM-SIAM} Symposium on Discrete
               Algorithms, {SODA} 2019, San Diego, California, USA, January 6-9,
               2019},
  pages     = {1501--1520},
  year      = {2019},
  crossref  = {DBLP:conf/soda/2019},
  url       = {https://doi.org/10.1137/1.9781611975482.91},
  doi       = {10.1137/1.9781611975482.91},
  timestamp = {Tue, 12 Mar 2019 15:52:39 +0100},
  biburl    = {https://dblp.org/rec/bib/conf/soda/PilipczukS19},
  bibsource = {dblp computer science bibliography, https://dblp.org}
}
@proceedings{DBLP:conf/soda/2019,
  editor    = {Timothy M. Chan},
  title     = {Proceedings of the Thirtieth Annual {ACM-SIAM} Symposium on Discrete
               Algorithms, {SODA} 2019, San Diego, California, USA, January 6-9,
               2019},
  publisher = {{SIAM}},
  year      = {2019},
  url       = {https://doi.org/10.1137/1.9781611975482},
  doi       = {10.1137/1.9781611975482},
  isbn      = {978-1-61197-548-2},
  timestamp = {Tue, 12 Mar 2019 15:52:39 +0100},
  biburl    = {https://dblp.org/rec/bib/conf/soda/2019},
  bibsource = {dblp computer science bibliography, https://dblp.org}
}

@misc{micek:personal,
  author = {Piotr Micek},
  howpublished = {Personal Communication},
  month = {March},
  year = {2019}
}
